<?xml version="1.0" encoding="UTF-8"?><collection xmlns="http://www.loc.gov/MARC21/slim"><record><leader>00563nam--2200181-i-4500</leader><controlfield tag="001">000039294</controlfield><controlfield tag="002">20161230</controlfield><controlfield tag="005">20161230201042</controlfield><controlfield tag="008">060222s1000------------r-----000-0-fre-d</controlfield><datafield ind1=" " ind2=" " tag="040"><subfield code="a">IFIN-HH</subfield></datafield><datafield ind1=" " ind2=" " tag="041"><subfield code="a">fre</subfield></datafield><datafield ind1=" " ind2=" " tag="080"><subfield code="a">535.41</subfield></datafield><datafield ind1="1" ind2=" " tag="100"><subfield code="a">Roddier,Francois</subfield></datafield><datafield ind1="1" ind2="0" tag="245"><subfield code="a">Etude a haute resolution de quelques raies de fraunhofer par observation de la resonance optique d`un jet atomique</subfield><subfield code="b">These</subfield><subfield code="c">Francois roddier</subfield></datafield><datafield ind1=" " ind2=" " tag="260"><subfield code="a">Paris</subfield><subfield code="b">La Faculte Des Sciences De L`Universite</subfield><subfield code="c">1964</subfield></datafield><datafield ind1=" " ind2=" " tag="300"><subfield code="a">38 P</subfield></datafield><datafield ind1=" " ind2=" " tag="852"><subfield code="a">22811</subfield><subfield code="c">535.33</subfield></datafield><datafield ind1=" " ind2=" " tag="CAT"><subfield code="a">Sys</subfield><subfield code="c">20101202</subfield><subfield code="h">150710</subfield></datafield></record></collection>